<record><leader>00000cas a22000007a 4500</leader><controlfield tag="001">22417428</controlfield><controlfield tag="008">900921d19381989wyuwr ne      0    0eng d</controlfield><datafield ind1=" " ind2=" " tag="010"><subfield code="a">sn 90051692 </subfield></datafield><datafield ind1=" " ind2=" " tag="040"><subfield code="a">CNQ</subfield><subfield code="b">eng</subfield><subfield code="c">CNQ</subfield><subfield code="d">NVO</subfield><subfield code="d">OCLCQ</subfield></datafield><datafield ind1=" " ind2=" " tag="042"><subfield code="a">msc</subfield></datafield><datafield ind1="0" ind2="0" tag="245"><subfield code="a">News letter journal.</subfield></datafield><datafield ind1="1" ind2="3" tag="246"><subfield code="a">Journal news letter</subfield><subfield code="f">Dec. 1954-1989</subfield></datafield><datafield ind1=" " ind2=" " tag="260"><subfield code="a">Newcastle, Wyo. :</subfield><subfield code="b">News Letter Pub. Co.</subfield></datafield><datafield ind1=" " ind2=" " tag="300"><subfield code="a">v.</subfield></datafield><datafield ind1=" " ind2=" " tag="310"><subfield code="a">Weekly</subfield></datafield><datafield ind1="0" ind2=" " tag="362"><subfield code="a">Vol. 50, no. 34 (Sept. 1, 1938)-v. 103, no. 42 (Oct. 19, 1989).</subfield></datafield><datafield ind1=" " ind2="4" tag="651"><subfield code="a">Newcastle (Wyo.)</subfield><subfield code="v">Newspapers.</subfield></datafield><datafield ind1=" " ind2="4" tag="651"><subfield code="a">Weston County (Wyo.)</subfield><subfield code="v">Newspapers.</subfield></datafield><datafield ind1=" " ind2=" " tag="752"><subfield code="a">United States</subfield><subfield code="b">Wyoming</subfield><subfield code="c">Weston</subfield><subfield code="d">New Castle.</subfield></datafield><datafield ind1="0" ind2="0" tag="780"><subfield code="t">News letter, the news journal</subfield><subfield code="w">(DLC)sn 92067017</subfield></datafield><datafield ind1="0" ind2="0" tag="785"><subfield code="t">Newcastle news letter journal</subfield><subfield code="w">(DLC)sn 92067033</subfield></datafield><datafield ind1="1" ind2=" " tag="029"><subfield code="a">AU@</subfield><subfield code="b">000025853185</subfield></datafield></record>